@article{10.5406/jenglgermphil.114.4.0459,
 ISSN = {03636941},
 URL = {http://www.jstor.org/stable/10.5406/jenglgermphil.114.4.0459},
 author = {Ian Cornelius},
 journal = {The Journal of English and Germanic Philology},
 number = {4},
 pages = {459-481},
 publisher = {University of Illinois Press},
 title = {The Accentual Paradigm in Early English Metrics},
 volume = {114},
 year = {2015}
}